<record><leader>00000cas a22000007a 4500</leader><controlfield tag="001">15581759</controlfield><controlfield tag="008">870423d18981919msuwr ne      0    0eng d</controlfield><datafield ind1=" " ind2=" " tag="010"><subfield code="a">sn 87065315 </subfield></datafield><datafield ind1=" " ind2=" " tag="040"><subfield code="a">MJA</subfield><subfield code="b">eng</subfield><subfield code="c">MJA</subfield><subfield code="d">MSJ</subfield><subfield code="d">KNP</subfield><subfield code="d">NSD</subfield><subfield code="d">OCLCQ</subfield></datafield><datafield ind1=" " ind2=" " tag="042"><subfield code="a">msc</subfield></datafield><datafield ind1="0" ind2=" " tag="130"><subfield code="a">Star ledger (Kosciusko, Miss.)</subfield></datafield><datafield ind1="1" ind2="4" tag="245"><subfield code="a">The star ledger.</subfield></datafield><datafield ind1=" " ind2=" " tag="260"><subfield code="a">Kosciusko, Miss. :</subfield><subfield code="b">Sanders &amp; Sanders</subfield></datafield><datafield ind1=" " ind2=" " tag="300"><subfield code="a">v.</subfield></datafield><datafield ind1=" " ind2=" " tag="310"><subfield code="a">Weekly</subfield></datafield><datafield ind1="1" ind2=" " tag="362"><subfield code="a">Began in Jan. 1898; ceased in 1919.</subfield></datafield><datafield ind1=" " ind2=" " tag="588"><subfield code="a">Description based on: Vol. 4, no. 50 (Jan. 10, 1902).</subfield></datafield><datafield ind1=" " ind2=" " tag="752"><subfield code="a">United States</subfield><subfield code="b">Mississippi</subfield><subfield code="c">Attala</subfield><subfield code="d">Kosciusko.</subfield></datafield><datafield ind1="0" ind2="4" tag="780"><subfield code="t">Attala ledger</subfield><subfield code="w">(DLC)sn 88067131</subfield></datafield><datafield ind1="0" ind2="4" tag="780"><subfield code="t">Kosciusko star</subfield><subfield code="w">(DLC)sn 87065300</subfield><subfield code="w">(OCoLC)15581637</subfield></datafield><datafield ind1="0" ind2="7" tag="785"><subfield code="t">Kosciusko herald</subfield><subfield code="w">(DLC)sn 87065299</subfield></datafield><datafield ind1="0" ind2="7" tag="785"><subfield code="t">Star-herald (Koscuisko, Miss.)</subfield><subfield code="x">1048-4116</subfield><subfield code="w">(DLC)sn 87065314</subfield><subfield code="w">(OCoLC)15584108</subfield></datafield></record>